@article{1979LOESS,
  author  = {Cleveland, William S.},
  title   = {Locally Weighted Regression: An Approach to Regression Analysis by Local Fitting},
  journal = {Journal of the American Statistical Association},
  year    = {1988},
  doi     = {10.1080/01621459.1988.10478639}
}
@article{1988LOESS,
  author  = {Cleveland, William S.},
  title   = {Robust Locally Weighted Regression and Smoothing Scatterplots},
  journal = {Journal of the American Statistical Association},
  year    = {1979},
  doi     = {10.1080/01621459.1979.10481038}
}
@techreport{BeijingTransportDevReport2024,
  author      = {北京交通发展研究院},
  institution = {北京交通发展研究院},
  title       = {2024北京市交通发展年度报告},
  year        = {2024},
  url         = {https://www.bjtrc.org.cn/List/index/cid/7.html},
  language    = {Chinese}
}
@article{DTW,
  author  = {Zoubin Ghahramani},
  title   = {An introduction to hidden Markov models and Bayesian networks},
  journal = {Proceedings of the IEEE},
  year    = {2001},
  doi     = {10.5555/505741.505743}
}
@book{GoldbergGA,
  author    = {Goldberg, David E.},
  title     = {Genetic Algorithms in Search, Optimization and Machine Learning},
  publisher = {Addison-Wesley Longman Publishing Co., Inc.},
  year      = {1989},
  isbn      = {978-0201157673}
}
@book{HollandGA,
  author    = {Holland, John H.},
  title     = {Adaptation in Natural and Artificial Systems},
  publisher = {The MIT Press},
  year      = {1992},
  isbn      = {978-0262275552}
}
@article{PFAndGrowthPattern,
  author  = {刘剑锋 and 陈必壮 and 马小毅 and 宗传苓 and 李歆鑫},
  journal = {城市交通},
  number  = {6},
  title   = {城市轨道交通网络化客流特征及成长规律——基于京沪穗深城市轨道交通网络客流数据分析},
  volume  = {11},
  year    = {2013}
}